<?xml version="1.0" encoding="UTF-8"?>
<collection xmlns:xsi="http://www.w3.org/2001/XMLSchema-instance" xsi:schemaLocation="http://www.loc.gov/MARC21/slim http://www.loc.gov/standards/marcxml/schema/MARC21slim.xsd" xmlns="http://www.loc.gov/MARC21/slim">
<record>
  <leader>02367cam a2200445 a 4500</leader>
  <controlfield tag="001">638900</controlfield>
  <controlfield tag="003">NNC</controlfield>
  <controlfield tag="005">20140126205319.0</controlfield>
  <controlfield tag="008">880407s1986    ir a     b    001 0 ara d</controlfield>
  <datafield tag="035" ind1=" " ind2=" ">
    <subfield code="a">(OCoLC)40256892</subfield>
  </datafield>
  <datafield tag="035" ind1=" " ind2=" ">
    <subfield code="a">(OCoLC)ocm40256892</subfield>
  </datafield>
  <datafield tag="035" ind1=" " ind2=" ">
    <subfield code="a">(CStRLIN)NYPN98-B957</subfield>
  </datafield>
  <datafield tag="035" ind1=" " ind2=" ">
    <subfield code="a">(CStRLIN)NYCG88-B24589</subfield>
  </datafield>
  <datafield tag="035" ind1=" " ind2=" ">
    <subfield code="a">(NNC)638900</subfield>
  </datafield>
  <datafield tag="035" ind1=" " ind2=" ">
    <subfield code="a">638900</subfield>
  </datafield>
  <datafield tag="040" ind1=" " ind2=" ">
    <subfield code="a">NjP</subfield>
    <subfield code="c">NjP</subfield>
    <subfield code="d">NN</subfield>
  </datafield>
  <datafield tag="041" ind1="0" ind2=" ">
    <subfield code="a">perara</subfield>
  </datafield>
  <datafield tag="066" ind1=" " ind2=" ">
    <subfield code="c">(3</subfield>
    <subfield code="c">(4</subfield>
  </datafield>
  <datafield tag="100" ind1="1" ind2=" ">
    <subfield code="6">880-01</subfield>
    <subfield code="a">Narāqī, Muḥammad Mahdī ibn Abī Z̲arr,</subfield>
    <subfield code="d">-1794 or 1795.</subfield>
  </datafield>
  <datafield tag="245" ind1="1" ind2="0">
    <subfield code="6">880-02</subfield>
    <subfield code="a">Sharḥ al-Ilāhīyāt min kitāb al-Shifaʾ /</subfield>
    <subfield code="c">az Mahdī ibn Abī Z̲arr al-Narāqī maʻrūf bih Mullā Mahdī Narāqī ; bi-ihtimām-i Mahdī Muḥaqqiq.</subfield>
  </datafield>
  <datafield tag="246" ind1="1" ind2="5">
    <subfield code="a">Sharh al-Ilâhiyyat min kitâb al-Shifâʾ ; Commentary on Metaphysics of Avicenna's kitâb al-Shifâʾ</subfield>
  </datafield>
  <datafield tag="250" ind1=" " ind2=" ">
    <subfield code="6">880-03</subfield>
    <subfield code="a">Chāp-i 1.</subfield>
  </datafield>
  <datafield tag="260" ind1=" " ind2=" ">
    <subfield code="6">880-04</subfield>
    <subfield code="a">Tihrān :</subfield>
    <subfield code="b">Muʾassasah-ʾi Muṭālaʻāt-i Islāmī-i Dānishgāh-i Mak Gīl bā hamkārī-i Dānishgāh-i Tihrān,</subfield>
    <subfield code="c">1365 [1986]</subfield>
  </datafield>
  <datafield tag="300" ind1=" " ind2=" ">
    <subfield code="a">62, 302 p. :</subfield>
    <subfield code="b">ill. ;</subfield>
    <subfield code="c">25 cm.</subfield>
  </datafield>
  <datafield tag="490" ind1="1" ind2=" ">
    <subfield code="6">880-05</subfield>
    <subfield code="a">Silsilah-ʾi dānish-i Īrānī ;</subfield>
    <subfield code="v">34</subfield>
  </datafield>
  <datafield tag="546" ind1=" " ind2=" ">
    <subfield code="a">Introd. in Persian; text in Arabic.</subfield>
  </datafield>
  <datafield tag="500" ind1=" " ind2=" ">
    <subfield code="a">Title on added t.p.: Sharh al-Ilâhiyyat min kitâb al-Shifâʾ = A commentary on Metaphysics of Avicenna's kitâb al-Shifâʾ.</subfield>
  </datafield>
  <datafield tag="504" ind1=" " ind2=" ">
    <subfield code="a">Includes bibliographical references and indexes.</subfield>
  </datafield>
  <datafield tag="600" ind1="0" ind2="0">
    <subfield code="a">Avicenna,</subfield>
    <subfield code="d">980-1037.</subfield>
    <subfield code="t">Shifāʼ.</subfield>
  </datafield>
  <datafield tag="600" ind1="0" ind2="0">
    <subfield code="a">Avicenna,</subfield>
    <subfield code="d">980-1037</subfield>
    <subfield code="x">Contributions in metaphysics.</subfield>
  </datafield>
  <datafield tag="650" ind1=" " ind2="0">
    <subfield code="a">Islamic philosophy.</subfield>
  </datafield>
  <datafield tag="700" ind1="1" ind2=" ">
    <subfield code="6">880-06</subfield>
    <subfield code="a">Muḥaqqiq, Mahdī.</subfield>
  </datafield>
  <datafield tag="830" ind1=" " ind2="0">
    <subfield code="6">880-07</subfield>
    <subfield code="a">Silsilah-ʼi dānish-i Īrānī ;</subfield>
    <subfield code="v">34.</subfield>
  </datafield>
  <datafield tag="880" ind1="0" ind2=" ">
    <subfield code="6">100-01/(3/r</subfield>
    <subfield code="a">محمد مهدى بن ابى ذرنراقى,</subfield>
    <subfield code="d">-1794 or 1795.</subfield>
  </datafield>
  <datafield tag="880" ind1="1" ind2="0">
    <subfield code="6">245-02/(3/r</subfield>
    <subfield code="a">شرح الالهيات من كتاب الشفاء /از مهدى بن ابى ذر النراقى معروف به ملا مهدى نراقى ؛ باهتمام مهدى محقق.</subfield>
  </datafield>
  <datafield tag="880" ind1=" " ind2=" ">
    <subfield code="6">250-03/(3/r</subfield>
    <subfield code="a">چاپ اول.</subfield>
  </datafield>
  <datafield tag="880" ind1=" " ind2=" ">
    <subfield code="6">260-04/(3/r</subfield>
    <subfield code="a">تهران :</subfield>
    <subfield code="b">مؤسسۀ مطالعات اسلامى دانشگاه مكگيل با همكارى دانشگاه تهران،</subfield>
    <subfield code="c">1365 [1986]</subfield>
  </datafield>
  <datafield tag="880" ind1="1" ind2=" ">
    <subfield code="6">490-05/(3/r</subfield>
    <subfield code="a">سلسلۀ دانش ايرانى ؛</subfield>
    <subfield code="v">34</subfield>
  </datafield>
  <datafield tag="880" ind1="0" ind2=" ">
    <subfield code="6">700-06/(3/r</subfield>
    <subfield code="a">مهدى محقق.</subfield>
  </datafield>
  <datafield tag="880" ind1=" " ind2="0">
    <subfield code="6">830-07/(3/r</subfield>
    <subfield code="a">سلسلۀ دانش ايرانى ؛</subfield>
    <subfield code="v">34</subfield>
  </datafield>
  <datafield tag="955" ind1=" " ind2=" ">
    <subfield code="b">0064965279</subfield>
    <subfield code="d">glx</subfield>
    <subfield code="e">B751.Z7 N37 1986g</subfield>
  </datafield>
</record>
</collection>